
@inproceedings{Bos93,
 author = {Bosse, Uwe},
 title = {An Ehrenfeucht-Fraïssé Game for Fixpoint Logic and Stratified Fixpoint Logic},
 booktitle = {Selected Papers from the Workshop on Computer Science Logic},
 series = {CSL '92},
 year = {1993},
 isbn = {3-540-56992-8},
 pages = {100--114},
 numpages = {15},
 url = {http://dl.acm.org/citation.cfm?id=647842.736408},
 acmid = {736408},
 publisher = {Springer-Verlag},
 address = {London, UK, UK},
}

@inproceedings{Ete96, 
author={K. Etessami and T. Wilke}, 
booktitle={Logic in Computer Science, 1996. LICS '96. Proceedings., Eleventh Annual IEEE Symposium on}, 
title={An Until hierarchy for temporal logic}, 
year={1996}, 
pages={108-117}, 
keywords={finite automata;game theory;temporal logic;Ehrenfeucht-Fraisse game;Until hierarchy;automata recognizing languages;expressive power;finite automata;first-order expressibility;first-order logic;linear temporal logic;semigroup-theoretic techniques;Application specific integrated circuits;Automata;Character recognition;Logic design}, 
doi={10.1109/LICS.1996.561310}, 
ISSN={1043-6871}, 
month={Jul},}

@article{Fra54,
author = {Fraïssé, Roland},
journal = {Annales scientifiques de l'École Normale Supérieure},
keywords = {Set theory},
language = {fre},
number = {4},
pages = {363-388},
publisher = {Elsevier},
title = {Sur l'extension aux relations de quelques propriétés des ordres},
url = {http://eudml.org/doc/81696},
volume = {71},
year = {1954},
}

@article{Ehr61,
author = {Ehrenfeucht, Andrzej},
journal = {Fundamenta Mathematicae},
keywords = {philosophy and foundations of mathematics},
language = {eng},
number = {2},
pages = {129-141},
publisher = {Institute of Mathematics Polish Academy of Sciences},
title = {An application of games to the completeness problem for formalized theories},
url = {http://eudml.org/doc/213582},
volume = {49},
year = {1961},
}

@article{Tar35,
author = {Tarski, Alfred},
journal = {Fundamenta Mathematicae},
keywords = {Foundations, philosophy, logic},
language = {ger},
number = {1},
pages = {503-526},
publisher = {Institute of Mathematics Polish Academy of Sciences},
title = {Grundzüge der Systemenkalküls I},
url = {http://eudml.org/doc/212807},
volume = {25},
year = {1935},
}

@book{Hod97,
 author = {Hodges, Wilfrid},
 title = {A Shorter Model Theory},
 year = {1997},
 isbn = {0-521-58713-1},
 publisher = {Cambridge University Press},
} 

@book{Vaa11,
  title={Models and Games},
  author={V{\"a}{\"a}n{\"a}nen, J.},
  isbn={9780521518123},
  series={Cambridge Studies in Advanced Mathematics},
  year={2011},
  publisher={Cambridge University Press}
}
